<record><leader>00000cas a22000007a 4500</leader><controlfield tag="001">12395285</controlfield><controlfield tag="008">850816d18821930aludr ne      0    0eng d</controlfield><datafield ind1=" " ind2=" " tag="010"><subfield code="a">sn 85044852 </subfield></datafield><datafield ind1=" " ind2=" " tag="040"><subfield code="a">CPN</subfield><subfield code="b">eng</subfield><subfield code="c">CPN</subfield><subfield code="d">AAR</subfield><subfield code="d">OCLCQ</subfield></datafield><datafield ind1=" " ind2=" " tag="042"><subfield code="a">msc</subfield></datafield><datafield ind1="0" ind2="4" tag="245"><subfield code="a">The Eufaula daily citizen.</subfield></datafield><datafield ind1="1" ind2="7" tag="246"><subfield code="a">Eufaula citizen</subfield></datafield><datafield ind1=" " ind2=" " tag="260"><subfield code="a">Eufaula, Ala. :</subfield><subfield code="b">Citizen Pub. Co.</subfield></datafield><datafield ind1=" " ind2=" " tag="300"><subfield code="a">v. :</subfield><subfield code="b">ill. ;</subfield><subfield code="c">57 cm.</subfield></datafield><datafield ind1=" " ind2=" " tag="310"><subfield code="a">Daily</subfield></datafield><datafield ind1=" " ind2=" " tag="500"><subfield code="a">Editors: Thos. G. Wilkinson, &lt;1916-1923&gt;; T.F. Pruett, &lt;1923-1925&gt;; H.D. Thomas, &lt;1925-1927&gt;; J.K. Simmons, &lt;1927-1930&gt;.</subfield></datafield><datafield ind1=" " ind2=" " tag="588"><subfield code="a">Description based on: Vol. 34, no. 79 (Apr. 1, 1916).</subfield></datafield><datafield ind1=" " ind2=" " tag="752"><subfield code="a">United States</subfield><subfield code="b">Alabama</subfield><subfield code="c">Barbour</subfield><subfield code="d">Eufaula.</subfield></datafield><datafield ind1="0" ind2="0" tag="785"><subfield code="t">Eufaula tribune</subfield><subfield code="w">(DLC)sn 85044788</subfield></datafield></record>